<record><leader>00000cas a22000007a 4500</leader><controlfield tag="001">23665016</controlfield><controlfield tag="008">910430d18uu19uunyuwr ne      0    0eng d</controlfield><datafield ind1=" " ind2=" " tag="010"><subfield code="a">sn 93063744 </subfield></datafield><datafield ind1=" " ind2=" " tag="040"><subfield code="a">NYS</subfield><subfield code="b">eng</subfield><subfield code="c">NYS</subfield><subfield code="d">OCL</subfield><subfield code="d">OCLCQ</subfield><subfield code="d">OCLCO</subfield></datafield><datafield ind1=" " ind2=" " tag="042"><subfield code="a">msc</subfield></datafield><datafield ind1=" " ind2=" " tag="043"><subfield code="a">n-us-ny</subfield></datafield><datafield ind1="0" ind2=" " tag="130"><subfield code="a">Seneca County news-letter (Geneva, N.Y. : Waterloo ed.)</subfield></datafield><datafield ind1="1" ind2="0" tag="245"><subfield code="a">Seneca County news-letter.</subfield></datafield><datafield ind1="1" ind2="3" tag="246"><subfield code="a">News-letter</subfield><subfield code="f">&lt;1894-1897&gt;</subfield></datafield><datafield ind1="1" ind2="3" tag="246"><subfield code="a">Asteroid</subfield><subfield code="f">&lt;1887-1889&gt;</subfield></datafield><datafield ind1=" " ind2=" " tag="250"><subfield code="a">Waterloo ed.</subfield></datafield><datafield ind1=" " ind2=" " tag="260"><subfield code="a">Geneva, N.Y. :</subfield><subfield code="b">James Malette</subfield></datafield><datafield ind1=" " ind2=" " tag="300"><subfield code="a">v. ;</subfield><subfield code="c">57 cm.</subfield></datafield><datafield ind1=" " ind2=" " tag="310"><subfield code="a">Weekly</subfield></datafield><datafield ind1=" " ind2=" " tag="500"><subfield code="a">Issues for Feb. 5, 1887-&lt;1889&gt; called: North Seneca ed.; issues for &lt;1894-1897&gt; called: North and South Seneca [ed.].</subfield></datafield><datafield ind1=" " ind2=" " tag="580"><subfield code="a">Geneva ed.: Saturday review, Geneva miscellany.</subfield></datafield><datafield ind1=" " ind2=" " tag="580"><subfield code="a">South Seneca County ed.: Seneca County news-letter (Geneva, N.Y. : South Seneca ed.).</subfield></datafield><datafield ind1=" " ind2=" " tag="588"><subfield code="a">Description based on: Vol. 10, no. 2 (Jan. 22, 1887).</subfield></datafield><datafield ind1=" " ind2="0" tag="651"><subfield code="a">Genevea (N.Y.)</subfield><subfield code="v">Newspapers.</subfield></datafield><datafield ind1=" " ind2="0" tag="651"><subfield code="a">Waterloo (N.Y.)</subfield><subfield code="v">Newspapers.</subfield></datafield><datafield ind1=" " ind2="0" tag="651"><subfield code="a">Seneca County (N.Y.)</subfield><subfield code="v">Newspapers.</subfield></datafield><datafield ind1=" " ind2=" " tag="752"><subfield code="a">United States</subfield><subfield code="b">New York</subfield><subfield code="c">Ontario</subfield><subfield code="d">Geneva.</subfield></datafield><datafield ind1=" " ind2=" " tag="752"><subfield code="a">United States</subfield><subfield code="b">New York</subfield><subfield code="c">Seneca</subfield><subfield code="d">Waterloo.</subfield></datafield><datafield ind1="1" ind2=" " tag="775"><subfield code="t">Saturday review, Geneva miscellany</subfield><subfield code="w">(DLC)sn 84027445</subfield></datafield><datafield ind1="1" ind2=" " tag="775"><subfield code="t">Seneca County news-letter (Geneva, N.Y. : South Seneca ed.)</subfield><subfield code="w">(DLC)sn 88074868</subfield></datafield><datafield ind1="0" ind2="5" tag="780"><subfield code="t">Seneca County news-letter (Geneva, N.Y. : South Seneca ed.)</subfield><subfield code="w">(DLC)sn 88074868</subfield></datafield></record>